@article{axelrod1981evolution,
  title={The evolution of cooperation},
  author={Axelrod, Robert and Hamilton, William Donald},
  journal={science},
  volume={211},
  number={4489},
  pages={1390--1396},
  year={1981},
  publisher={American Association for the Advancement of Science}
}